@Article{Constrains,
   Author="Luo, C.  and Knight, R.  and Siljander, H.  and Knip, M.  and Xavier, R. J.  and Gevers, D. ",
   Title="{{C}on{S}trains identifies microbial strains in metagenomic datasets}",
   Journal="Nat. Biotechnol.",
   Year="2015",
   Volume="33",
   Number="10",
   Pages="1045--1052",
   Month="Oct"
}

@Article{DESMAN,
   Author="Quince, C.  and Delmont, T. O.  and Raguideau, S.  and Alneberg, J.  and Darling, A. E.  and Collins, G.  and Eren, A. M. ",
   Title="{{D}{E}{S}{M}{A}{N}: a new tool for de novo extraction of strains from metagenomes}",
   Journal="Genome Biol.",
   Year="2017",
   Volume="18",
   Number="1",
   Pages="181",
   Month="Sep"
}

@Article{Lineage,
   Author="O'Brien, J. D.  and Didelot, X.  and Iqbal, Z.  and Amenga-Etego, L.  and Ahiska, B.  and Falush, D. ",
   Title="{{A} {B}ayesian approach to inferring the phylogenetic structure of communities from metagenomic data}",
   Journal="Genetics",
   Year="2014",
   Volume="197",
   Number="3",
   Pages="925--937",
   Month="Jul"
}


% approach that uses the available genomic data to reconstruct complex strain profiles from metagenomic sequencing
@Article{StrainEst,
   Author="Albanese, D.  and Donati, C. ",
   Title="{{S}train profiling and epidemiology of bacterial species from metagenomic sequencing}",
   Journal="Nat Commun",
   Year="2017",
   Volume="8",
   Number="1",
   Pages="2260",
   Month="Dec"
}

% StrainPhlAn
@Article{ref_based1,
   Author="Truong, D. T.  and Tett, A.  and Pasolli, E.  and Huttenhower, C.  and Segata, N. ",
   Title="{{M}icrobial strain-level population structure and genetic diversity from metagenomes}",
   Journal="Genome Res.",
   Year="2017",
   Volume="27",
   Number="4",
   Pages="626--638",
   Month="04"
}


@Article{ref_based2,
   Author="Zolfo, M.  and Tett, A.  and Jousson, O.  and Donati, C.  and Segata, N. ",
   Title="{{M}eta{M}{L}{S}{T}: multi-locus strain-level bacterial typing from metagenomic samples}",
   Journal="Nucleic Acids Res.",
   Year="2017",
   Volume="45",
   Number="2",
   Pages="e7",
   Month="Jan"
}



% assemblers____________________________________________

@Article{MetaSpades,
   Author="Nurk, S.  and Meleshko, D.  and Korobeynikov, A.  and Pevzner, P. A. ",
   Title="{meta{S}{P}{A}des: a new versatile metagenomic assembler}",
   Journal="Genome Res.",
   Year="2017",
   Volume="27",
   Number="5",
   Pages="824--834",
   Month="05"
}

@Article{MEGAHIT,
   Author="Li, D.  and Liu, C. M.  and Luo, R.  and Sadakane, K.  and Lam, T. W. ",
   Title="{{M}{E}{G}{A}{H}{I}{T}: an ultra-fast single-node solution for large and complex metagenomics assembly via succinct de {B}ruijn graph}",
   Journal="Bioinformatics",
   Year="2015",
   Volume="31",
   Number="10",
   Pages="1674--1676",
   Month="May"
}

@Article{IDBA-UD,
   Author="Peng, Y.  and Leung, H. C.  and Yiu, S. M.  and Chin, F. Y. ",
   Title="{{I}{D}{B}{A}-{U}{D}: a de novo assembler for single-cell and metagenomic sequencing data with highly uneven depth}",
   Journal="Bioinformatics",
   Year="2012",
   Volume="28",
   Number="11",
   Pages="1420--1428",
   Month="Jun"
}

@Article{RayMeta,
   Author="Boisvert, S.  and Raymond, F.  and Godzaridis, E.  and Laviolette, F.  and Corbeil, J. ",
   Title="{{R}ay {M}eta: scalable de novo metagenome assembly and profiling}",
   Journal="Genome Biol.",
   Year="2012",
   Volume="13",
   Number="12",
   Pages="R122",
   Month="Dec"
}

@Article{MetaVelvet,
   Author="Namiki, T.  and Hachiya, T.  and Tanaka, H.  and Sakakibara, Y. ",
   Title="{{M}eta{V}elvet: an extension of {V}elvet assembler to de novo metagenome assembly from short sequence reads}",
   Journal="Nucleic Acids Res.",
   Year="2012",
   Volume="40",
   Number="20",
   Pages="e155",
   Month="Nov"
}

% binning____________________________________________

@Article{CONCOCT,
   Author="Alneberg, J.  and Bjarnason, B. S.  and de Bruijn, I.  and Schirmer, M.  and Quick, J.  and Ijaz, U. Z.  and Lahti, L.  and Loman, N. J.  and Andersson, A. F.  and Quince, C. ",
   Title="{{B}inning metagenomic contigs by coverage and composition}",
   Journal="Nat. Methods",
   Year="2014",
   Volume="11",
   Number="11",
   Pages="1144--1146",
   Month="Nov"
}

@Article{MetaBAT,
   Author="Kang, D. D.  and Froula, J.  and Egan, R.  and Wang, Z. ",
   Title="{{M}eta{B}{A}{T}, an efficient tool for accurately reconstructing single genomes from complex microbial communities}",
   Journal="PeerJ",
   Year="2015",
   Volume="3",
   Pages="e1165"
}

@Article{GroopM,
   Author="Imelfort, M.  and Parks, D.  and Woodcroft, B. J.  and Dennis, P.  and Hugenholtz, P.  and Tyson, G. W. ",
   Title="{{G}roop{M}: an automated tool for the recovery of population genomes from related metagenomes}",
   Journal="PeerJ",
   Year="2014",
   Volume="2",
   Pages="e603"
}

@Article{MyCC,
   Author="Lin, H. H.  and Liao, Y. C. ",
   Title="{{A}ccurate binning of metagenomic contigs via automated clustering sequences using information of genomic signatures and marker genes}",
   Journal="Sci Rep",
   Year="2016",
   Volume="6",
   Pages="24175",
   Month="Apr"
}

% taxonomic profiling_________________________________________

@Article{Kraken,
   Author="Wood, D. E.  and Salzberg, S. L. ",
   Title="{{K}raken: ultrafast metagenomic sequence classification using exact alignments}",
   Journal="Genome Biol.",
   Year="2014",
   Volume="15",
   Number="3",
   Pages="R46",
   Month="Mar"
}

@Article{CLARK,
   Author="Ounit, R.  and Wanamaker, S.  and Close, T. J.  and Lonardi, S. ",
   Title="{{C}{L}{A}{R}{K}: fast and accurate classification of metagenomic and genomic sequences using discriminative k-mers}",
   Journal="BMC Genomics",
   Year="2015",
   Volume="16",
   Pages="236",
   Month="Mar"
}

@Article{GOTTCHA,
   Author="Freitas, T. A.  and Li, P. E.  and Scholz, M. B.  and Chain, P. S. ",
   Title="{{A}ccurate read-based metagenome characterization using a hierarchical suite of unique signatures}",
   Journal="Nucleic Acids Res.",
   Year="2015",
   Volume="43",
   Number="10",
   Pages="e69",
   Month="May"
}

@Article{MetaPhlAn2,
   Author="Truong, D. T.  and Franzosa, E. A.  and Tickle, T. L.  and Scholz, M.  and Weingart, G.  and Pasolli, E.  and Tett, A.  and Huttenhower, C.  and Segata, N. ",
   Title="{{M}eta{P}hl{A}n2 for enhanced metagenomic taxonomic profiling}",
   Journal="Nat. Methods",
   Year="2015",
   Volume="12",
   Number="10",
   Pages="902--903",
   Month="Oct"
}

@Article{mOTU,
   Author="Sunagawa, S.  and Mende, D. R.  and Zeller, G.  and Izquierdo-Carrasco, F.  and Berger, S. A.  and Kultima, J. R.  and Coelho, L. P.  and Arumugam, M.  and Tap, J.  and Nielsen, H. B.  and Rasmussen, S.  and Brunak, S.  and Pedersen, O.  and Guarner, F.  and de Vos, W. M.  and Wang, J.  and Li, J.  and Dore, J.  and Ehrlich, S. D.  and Stamatakis, A.  and Bork, P. ",
   Title="{{M}etagenomic species profiling using universal phylogenetic marker genes}",
   Journal="Nat. Methods",
   Year="2013",
   Volume="10",
   Number="12",
   Pages="1196--1199",
   Month="Dec"
}

% datasets_________________________________________________________

@Article{infant_gut,
   Author="Sharon, I.  and Morowitz, M. J.  and Thomas, B. C.  and Costello, E. K.  and Relman, D. A.  and Banfield, J. F. ",
   Title="{{T}ime series community genomics analysis reveals rapid shifts in bacterial species, strains, and phage during infant gut colonization}",
   Journal="Genome Res.",
   Year="2013",
   Volume="23",
   Number="1",
   Pages="111--120",
   Month="Jan"
}

@Article{time_series,
   Author="Faust, K.  and Lahti, L.  and Gonze, D.  and de Vos, W. M.  and Raes, J. ",
   Title="{{M}etagenomics meets time series analysis: unraveling microbial community dynamics}",
   Journal="Curr. Opin. Microbiol.",
   Year="2015",
   Volume="25",
   Pages="56--66",
   Month="Jun"
}

@Article{spacial_series_1,
   Author="Brooks, B.  and Olm, M. R.  and Firek, B. A.  and Baker, R.  and Thomas, B. C.  and Morowitz, M. J.  and Banfield, J. F. ",
   Title="{{S}train-resolved analysis of hospital rooms and infants reveals overlap between the human and room microbiome}",
   Journal="Nat Commun",
   Year="2017",
   Volume="8",
   Number="1",
   Pages="1814",
   Month="Nov"
}

@Article{spacial_series_2,
   Author="Mason, C.  and Afshinnekoo, E.  and Ahsannudin, S.  and Ghedin, E.  and Read, T.  and Fraser, C.  and Dudley, J.  and Hernandez, M.  and Bowler, C.  and Stolovitzky, G.  and Chernonetz, A.  and Gray, A.  and Darling, A.  and Burke, C.  and ?abaj, P. P.  and Graf, A.  and Noushmehr, H.  and Moraes, S.  and Dias-Neto, E.  and Ugalde, J.  and Guo, Y.  and Zhou, Y.  and Xie, Z.  and Zheng, D.  and Zhou, H.  and Shi, L.  and Zhu, S.  and Tang, A.  and Ivankovi?, T.  and Siam, R.  and Rascovan, N.  and Richard, H.  and Lafontaine, I.  and Baron, C.  and Nedunuri, N.  and Prithiviraj, B.  and Hyat, S.  and Mehr, S.  and Banihashemi, K.  and Segata, N.  and Suzuki, H.  and Alpuche Aranda, C. M.  and Martinez, J.  and Christopher Dada, A.  and Osuolale, O.  and Oguntoyinbo, F.  and Dybwad, M.  and Oliveira, M.  and Fernandes, A.  and Oliveira, M.  and Fernandes, A.  and Chatziefthimiou, A. D.  and Chaker, S.  and Alexeev, D.  and Chuvelev, D.  and Kurilshikov, A.  and Schuster, S.  and Siwo, G. H.  and Jang, S.  and Seo, S. C.  and Hwang, S. H.  and Ossowski, S.  and Bezdan, D.  and Udekwu, K.  and Udekwu, K.  and Lungjdahl, P. O.  and Nikolayeva, O.  and Sezerman, U.  and Kelly, F.  and Metrustry, S.  and Elhaik, E.  and Gonnet, G.  and Schriml, L.  and Mongodin, E.  and Huttenhower, C.  and Gilbert, J.  and Hernandez, M.  and Vayndorf, E.  and Blaser, M.  and Schadt, E.  and Eisen, J.  and Beitel, C.  and Hirschberg, D.  and Schriml, L.  and Mongodin, E. ",
   Title="{{T}he {M}etagenomics and {M}etadesign of the {S}ubways and {U}rban {B}iomes ({M}eta{S}{U}{B}) {I}nternational {C}onsortium inaugural meeting report}",
   Journal="Microbiome",
   Year="2016",
   Volume="4",
   Number="1",
   Pages="24",
   Month="Jun"
}

@Article{metasub,
   Author="Zolfo, M.  and Asnicar, F.  and Manghi, P.  and Pasolli, E.  and Tett, A.  and Segata, N. ",
   Title="{{P}rofiling microbial strains in urban environments using metagenomic sequencing data}",
   Journal="Biol. Direct",
   Year="2018",
   Volume="13",
   Number="1",
   Pages="9",
   Month="May"
}


% importance of strains_________________________________________

@Article{patogen_ecoli,
   Author="Frank, C.  and Werber, D.  and Cramer, J. P.  and Askar, M.  and Faber, M.  and an der Heiden, M.  and Bernard, H.  and Fruth, A.  and Prager, R.  and Spode, A.  and Wadl, M.  and Zoufaly, A.  and Jordan, S.  and Kemper, M. J.  and Follin, P.  and Muller, L.  and King, L. A.  and Rosner, B.  and Buchholz, U.  and Stark, K.  and Krause, G.  and Abu Sin, M.  and Adlhoch, C.  and Alpers, K.  and Altmann, D.  and Altmann, M.  and Arends, K.  and Atzpodien, K.  and Behnke, S.  and Benzler, J.  and Bergholz, A.  and Bielecke, J.  and Bohmer, M.  and Brodhun, B.  and Burger, R.  and Cai, W.  and Claus, H.  and Christner, M.  and Cyberski, C.  and Dehnert, M.  and Delere, Y.  and Dudareva, S.  and Eckmanns, T.  and Espelage, W.  and Falkenhorst, G.  and Fiebig, L.  and Fraedrich, K.  and Gilsdorf, A.  and Greutelaers, B.  and Gunsenheimer-Bartmeyer, B.  and Haar, K.  and Haas, W.  and Hamouda, O.  and Hauer, B.  and Hellenbrand, W.  and Hermes, J.  and Hohle, M.  and Koch, J.  and Kopke, K.  and Krugermann, K.  and Laude, G.  and Lee, M. H.  and Liss, I.  and Lohse, A. W.  and Luchtenberg, M.  and Marx, M.  and Meyer, D.  and Mielke, M.  and Milde-Busch, A.  and Mucke, I.  and Nachtnebel, M.  and Neifer, J.  and Nielsen, S.  and Noll, I.  and Offergeld, R.  and Oh, J.  and Pfeiffer, Y.  and Pohland, R.  and Prahm, K.  and Preuss, U.  and Reiter, S.  and Remschmidt, C.  and Reuss, A.  and Rexroth, U.  and Richter, M.  and Rieck, T.  and Rohde, H.  and Sailer, A.  and Santos-Hovener, C.  and Schaade, L.  and Schink, S.  and Schmiedel, S.  and Schmidt, D.  and Schoene, C.  and Schoneberg, I.  and Schuster, M.  and Schwarz, F.  and Schweickert, B.  and Stocker, P.  and Su, T.  and Takla, A.  and Tietze, E.  and Ultsch, B.  and Ung, M.  and Kang, Z.  and Velasco, E.  and Walter, D.  and Weiss, B.  and Wilking, H.  and Zimmermann, R.  and Zhang, W.  and Zunk, J. ",
   Title="{{E}pidemic profile of {S}higa-toxin-producing {E}scherichia coli {O}104:{H}4 outbreak in {G}ermany}",
   Journal="N. Engl. J. Med.",
   Year="2011",
   Volume="365",
   Number="19",
   Pages="1771--1780",
   Month="Nov"
}

@Article{carcinogenic_ecoli,
   Author="Cuevas-Ramos, G.  and Petit, C. R.  and Marcq, I.  and Boury, M.  and Oswald, E.  and Nougayrede, J. P. ",
   Title="{{E}scherichia coli induces {D}{N}{A} damage in vivo and triggers genomic instability in mammalian cells}",
   Journal="Proc. Natl. Acad. Sci. U.S.A.",
   Year="2010",
   Volume="107",
   Number="25",
   Pages="11537--11542",
   Month="Jun"
}

@Article{cancer_example,
   Author="Blaser, M. J.  and Perez-Perez, G. I.  and Kleanthous, H.  and Cover, T. L.  and Peek, R. M.  and Chyou, P. H.  and Stemmermann, G. N.  and Nomura, A. ",
   Title="{{I}nfection with {H}elicobacter pylori strains possessing cag{A} is associated with an increased risk of developing adenocarcinoma of the stomach}",
   Journal="Cancer Res.",
   Year="1995",
   Volume="55",
   Number="10",
   Pages="2111--2115",
   Month="May"
}

@Article{antibitics_resistance,
   Author="Ibacache-Quiroga, C.  and Oliveros, J. C.  and Couce, A.  and Blazquez, J. ",
   Title="{{P}arallel {E}volution of {H}igh-{L}evel {A}minoglycoside {R}esistance in {E}scherichia coli {U}nder {L}ow and {H}igh {M}utation {S}upply {R}ates}",
   Journal="Front Microbiol",
   Year="2018",
   Volume="9",
   Pages="427"
}


% HMP_________________________________________________________

@Article{HMP1,
   Author="Methe, B. A.  and Nelson, K. E.  and Pop, M.  and Creasy, H. H.  and Giglio, M. G.  and Huttenhower, C.  and Gevers, D.  and Petrosino, J. F.  and Abubucker, S.  and Badger, J. H.  and Chinwalla, A. T.  and Earl, A. M.  and FitzGerald, M. G.  and Fulton, R. S.  and Hallsworth-Pepin, K.  and Lobos, E. A.  and Madupu, R.  and Magrini, V.  and Martin, J. C.  and Mitreva, M.  and Muzny, D. M.  and Sodergren, E. J.  and Versalovic, J.  and Wollam, A. M.  and Worley, K. C.  and Wortman, J. R.  and Young, S. K.  and Zeng, Q.  and Aagaard, K. M.  and Abolude, O. O.  and Allen-Vercoe, E.  and Alm, E. J.  and Alvarado, L.  and Andersen, G. L.  and Anderson, S.  and Appelbaum, E.  and Arachchi, H. M.  and Armitage, G.  and Arze, C. A.  and Ayvaz, T.  and Baker, C. C.  and Begg, L.  and Belachew, T.  and Bhonagiri, V.  and Bihan, M.  and Blaser, M. J.  and Bloom, T.  and Bonazzi, V. R.  and Brooks, P.  and Buck, G. A.  and Buhay, C. J.  and Busam, D. A.  and Campbell, J. L.  and Canon, S. R.  and Cantarel, B. L.  and Chain, P. S.  and Chen, I. M.  and Chen, L.  and Chhibba, S.  and Chu, K.  and Ciulla, D. M.  and Clemente, J. C.  and Clifton, S. W.  and Conlan, S.  and Crabtree, J.  and Cutting, M. A.  and Davidovics, N. J.  and Davis, C. C.  and DeSantis, T. Z.  and Deal, C.  and Delehaunty, K. D.  and Dewhirst, F. E.  and Deych, E.  and Ding, Y.  and Dooling, D. J.  and Dugan, S. P.  and Dunne, W.  and Durkin, A.  and Edgar, R. C.  and Erlich, R. L.  and Farmer, C. N.  and Farrell, R. M.  and Faust, K.  and Feldgarden, M.  and Felix, V. M.  and Fisher, S.  and Fodor, A. A.  and Forney, L.  and Foster, L.  and Di Francesco, V.  and Friedman, J.  and Friedrich, D. C.  and Fronick, C. C.  and Fulton, L. L.  and Gao, H.  and Garcia, N.  and Giannoukos, G.  and Giblin, C.  and Giovanni, M. Y.  and Goldberg, J. M.  and Goll, J.  and Gonzalez, A.  and Griggs, A.  and Gujja, S.  and Haas, B. J.  and Hamilton, H. A.  and Harris, E. L.  and Hepburn, T. A.  and Herter, B.  and Hoffmann, D. E.  and Holder, M. E.  and Howarth, C.  and Huang, K. H.  and Huse, S. M.  and Izard, J.  and Jansson, J. K.  and Jiang, H.  and Jordan, C.  and Joshi, V.  and Katancik, J. A.  and Keitel, W. A.  and Kelley, S. T.  and Kells, C.  and Kinder-Haake, S.  and King, N. B.  and Knight, R.  and Knights, D.  and Kong, H. H.  and Koren, O.  and Koren, S.  and Kota, K. C.  and Kovar, C. L.  and Kyrpides, N. C.  and La Rosa, P. S.  and Lee, S. L.  and Lemon, K. P.  and Lennon, N.  and Lewis, C. M.  and Lewis, L.  and Ley, R. E.  and Li, K.  and Liolios, K.  and Liu, B.  and Liu, Y.  and Lo, C. C.  and Lozupone, C. A.  and Lunsford, R.  and Madden, T.  and Mahurkar, A. A.  and Mannon, P. J.  and Mardis, E. R.  and Markowitz, V. M.  and Mavrommatis, K.  and McCorrison, J. M.  and McDonald, D.  and McEwen, J.  and McGuire, A. L.  and McInnes, P.  and Mehta, T.  and Mihindukulasuriya, K. A.  and Miller, J. R.  and Minx, P. J.  and Newsham, I.  and Nusbaum, C.  and O'Laughlin, M.  and Orvis, J.  and Pagani, I.  and Palaniappan, K.  and Patel, S. M.  and Pearson, M.  and Peterson, J.  and Podar, M.  and Pohl, C.  and Pollard, K. S.  and Priest, M. E.  and Proctor, L. M.  and Qin, X.  and Raes, J.  and Ravel, J.  and Reid, J. G.  and Rho, M.  and Rhodes, R.  and Riehle, K. P.  and Rivera, M. C.  and Rodriguez-Mueller, B.  and Rogers, Y. H.  and Ross, M. C.  and Russ, C.  and Sanka, R. K.  and Sankar, P.  and Sathirapongsasuti, J.  and Schloss, J. A.  and Schloss, P. D.  and Schmidt, T. M.  and Scholz, M.  and Schriml, L.  and Schubert, A. M.  and Segata, N.  and Segre, J. A.  and Shannon, W. D.  and Sharp, R. R.  and Sharpton, T. J.  and Shenoy, N.  and Sheth, N. U.  and Simone, G. A.  and Singh, I.  and Smillie, C. S.  and Sobel, J. D.  and Sommer, D. D.  and Spicer, P.  and Sutton, G. G.  and Sykes, S. M.  and Tabbaa, D. G.  and Thiagarajan, M.  and Tomlinson, C. M.  and Torralba, M.  and Treangen, T. J.  and Truty, R. M.  and Vishnivetskaya, T. A.  and Walker, J.  and Wang, L.  and Wang, Z.  and Ward, D. V.  and Warren, W.  and Watson, M. A.  and Wellington, C.  and Wetterstrand, K. A.  and White, J. R.  and Wilczek-Boney, K.  and Wu, Y. Q.  and Wylie, K. M.  and Wylie, T.  and Yandava, C.  and Ye, L.  and Ye, Y.  and Yooseph, S.  and Youmans, B. P.  and Zhang, L.  and Zhou, Y.  and Zhu, Y.  and Zoloth, L.  and Zucker, J. D.  and Birren, B. W.  and Gibbs, R. A.  and Highlander, S. K.  and Weinstock, G. M.  and Wilson, R. K.  and White, O. ",
   Title="{{A} framework for human microbiome research}",
   Journal="Nature",
   Year="2012",
   Volume="486",
   Number="7402",
   Pages="215--221",
   Month="Jun"
}

@Article{HMP2,
   Author="Huttenhower, C.  and Gevers, D.  and Knight, R.  and Abubucker, S.  and Badger, J. H.  and Chinwalla, A. T.  and Creasy, H. H.  and Earl, A. M.  and FitzGerald, M. G.  and Fulton, R. S.  and Giglio, M. G.  and Hallsworth-Pepin, K.  and Lobos, E. A.  and Madupu, R.  and Magrini, V.  and Martin, J. C.  and Mitreva, M.  and Muzny, D. M.  and Sodergren, E. J.  and Versalovic, J.  and Wollam, A. M.  and Worley, K. C.  and Wortman, J. R.  and Young, S. K.  and Zeng, Q.  and Aagaard, K. M.  and Abolude, O. O.  and Allen-Vercoe, E.  and Alm, E. J.  and Alvarado, L.  and Andersen, G. L.  and Anderson, S.  and Appelbaum, E.  and Arachchi, H. M.  and Armitage, G.  and Arze, C. A.  and Ayvaz, T.  and Baker, C. C.  and Begg, L.  and Belachew, T.  and Bhonagiri, V.  and Bihan, M.  and Blaser, M. J.  and Bloom, T.  and Bonazzi, V.  and Brooks, J.  and Buck, G. A.  and Buhay, C. J.  and Busam, D. A.  and Campbell, J. L.  and Canon, S. R.  and Cantarel, B. L.  and Chain, P. S.  and Chen, I. M.  and Chen, L.  and Chhibba, S.  and Chu, K.  and Ciulla, D. M.  and Clemente, J. C.  and Clifton, S. W.  and Conlan, S.  and Crabtree, J.  and Cutting, M. A.  and Davidovics, N. J.  and Davis, C. C.  and DeSantis, T. Z.  and Deal, C.  and Delehaunty, K. D.  and Dewhirst, F. E.  and Deych, E.  and Ding, Y.  and Dooling, D. J.  and Dugan, S. P.  and Dunne, W. M.  and Durkin, A.  and Edgar, R. C.  and Erlich, R. L.  and Farmer, C. N.  and Farrell, R. M.  and Faust, K.  and Feldgarden, M.  and Felix, V. M.  and Fisher, S.  and Fodor, A. A.  and Forney, L. J.  and Foster, L.  and Di Francesco, V.  and Friedman, J.  and Friedrich, D. C.  and Fronick, C. C.  and Fulton, L. L.  and Gao, H.  and Garcia, N.  and Giannoukos, G.  and Giblin, C.  and Giovanni, M. Y.  and Goldberg, J. M.  and Goll, J.  and Gonzalez, A.  and Griggs, A.  and Gujja, S.  and Haake, S. K.  and Haas, B. J.  and Hamilton, H. A.  and Harris, E. L.  and Hepburn, T. A.  and Herter, B.  and Hoffmann, D. E.  and Holder, M. E.  and Howarth, C.  and Huang, K. H.  and Huse, S. M.  and Izard, J.  and Jansson, J. K.  and Jiang, H.  and Jordan, C.  and Joshi, V.  and Katancik, J. A.  and Keitel, W. A.  and Kelley, S. T.  and Kells, C.  and King, N. B.  and Knights, D.  and Kong, H. H.  and Koren, O.  and Koren, S.  and Kota, K. C.  and Kovar, C. L.  and Kyrpides, N. C.  and La Rosa, P. S.  and Lee, S. L.  and Lemon, K. P.  and Lennon, N.  and Lewis, C. M.  and Lewis, L.  and Ley, R. E.  and Li, K.  and Liolios, K.  and Liu, B.  and Liu, Y.  and Lo, C. C.  and Lozupone, C. A.  and Lunsford, R.  and Madden, T.  and Mahurkar, A. A.  and Mannon, P. J.  and Mardis, E. R.  and Markowitz, V. M.  and Mavromatis, K.  and McCorrison, J. M.  and McDonald, D.  and McEwen, J.  and McGuire, A. L.  and McInnes, P.  and Mehta, T.  and Mihindukulasuriya, K. A.  and Miller, J. R.  and Minx, P. J.  and Newsham, I.  and Nusbaum, C.  and O'Laughlin, M.  and Orvis, J.  and Pagani, I.  and Palaniappan, K.  and Patel, S. M.  and Pearson, M.  and Peterson, J.  and Podar, M.  and Pohl, C.  and Pollard, K. S.  and Pop, M.  and Priest, M. E.  and Proctor, L. M.  and Qin, X.  and Raes, J.  and Ravel, J.  and Reid, J. G.  and Rho, M.  and Rhodes, R.  and Riehle, K. P.  and Rivera, M. C.  and Rodriguez-Mueller, B.  and Rogers, Y. H.  and Ross, M. C.  and Russ, C.  and Sanka, R. K.  and Sankar, P.  and Sathirapongsasuti, J.  and Schloss, J. A.  and Schloss, P. D.  and Schmidt, T. M.  and Scholz, M.  and Schriml, L.  and Schubert, A. M.  and Segata, N.  and Segre, J. A.  and Shannon, W. D.  and Sharp, R. R.  and Sharpton, T. J.  and Shenoy, N.  and Sheth, N. U.  and Simone, G. A.  and Singh, I.  and Smillie, C. S.  and Sobel, J. D.  and Sommer, D. D.  and Spicer, P.  and Sutton, G. G.  and Sykes, S. M.  and Tabbaa, D. G.  and Thiagarajan, M.  and Tomlinson, C. M.  and Torralba, M.  and Treangen, T. J.  and Truty, R. M.  and Vishnivetskaya, T. A.  and Walker, J.  and Wang, L.  and Wang, Z.  and Ward, D. V.  and Warren, W.  and Watson, M. A.  and Wellington, C.  and Wetterstrand, K. A.  and White, J. R.  and Wilczek-Boney, K.  and Wu, Y.  and Wylie, K. M.  and Wylie, T.  and Yandava, C.  and Ye, L.  and Ye, Y.  and Yooseph, S.  and Youmans, B. P.  and Zhang, L.  and Zhou, Y.  and Zhu, Y.  and Zoloth, L.  and Zucker, J. D.  and Birren, B. W.  and Gibbs, R. A.  and Highlander, S. K.  and Methe, B. A.  and Nelson, K. E.  and Petrosino, J. F.  and Weinstock, G. M.  and Wilson, R. K.  and White, O. ",
   Title="{{S}tructure, function and diversity of the healthy human microbiome}",
   Journal="Nature",
   Year="2012",
   Volume="486",
   Number="7402",
   Pages="207--214",
   Month="Jun"
}

% de Bruijn 
@Article{de_Bruijn,
   Author="Compeau, P. E.  and Pevzner, P. A.  and Tesler, G. ",
   Title="{{H}ow to apply de {B}ruijn graphs to genome assembly}",
   Journal="Nat. Biotechnol.",
   Year="2011",
   Volume="29",
   Number="11",
   Pages="987--991",
   Month="Nov"
}

@Article{MaryGold,
   Author="Nijkamp, J. F.  and Pop, M.  and Reinders, M. J.  and de Ridder, D. ",
   Title="{{E}xploring variation-aware contig graphs for (comparative) metagenomics using {M}ary{G}old}",
   Journal="Bioinformatics",
   Year="2013",
   Volume="29",
   Number="22",
   Pages="2826--2834",
   Month="Nov"
}

@Article{flipflop1,
   Author="Bernard, E.  and Jacob, L.  and Mairal, J.  and Vert, J. P. ",
   Title="{{E}fficient {R}{N}{A} isoform identification and quantification from {R}{N}{A}-{S}eq data with network flows}",
   Journal="Bioinformatics",
   Year="2014",
   Volume="30",
   Number="17",
   Pages="2447--2455",
   Month="Sep"
}


@Article{flipflop2,
   Author="Bernard, E.  and Jacob, L.  and Mairal, J.  and Viara, E.  and Vert, J. P. ",
   Title="{{A} convex formulation for joint {R}{N}{A} isoform detection and quantification from multiple {R}{N}{A}-seq samples}",
   Journal="BMC Bioinformatics",
   Year="2015",
   Volume="16",
   Pages="262",
   Month="Aug"
}

@Article{other_flows,
   Author="Tomescu, A. I.  and Kuosmanen, A.  and Rizzi, R.  and Makinen, V. ",
   Title="{{A} novel min-cost flow method for estimating transcript expression with {R}{N}{A}-{S}eq}",
   Journal="BMC Bioinformatics",
   Year="2013",
   Volume="14 Suppl 5",
   Pages="S15"
}


@Article{bwa_mem,
   Author="Li, H.  and Durbin, R. ",
   Title="{{F}ast and accurate short read alignment with {B}urrows-{W}heeler transform}",
   Journal="Bioinformatics",
   Year="2009",
   Volume="25",
   Number="14",
   Pages="1754--1760",
   Month="Jul"
}


@Article{VarScan,
   Author="Koboldt, D. C.  and Zhang, Q.  and Larson, D. E.  and Shen, D.  and McLellan, M. D.  and Lin, L.  and Miller, C. A.  and Mardis, E. R.  and Ding, L.  and Wilson, R. K. ",
   Title="{{V}ar{S}can 2: somatic mutation and copy number alteration discovery in cancer by exome sequencing}",
   Journal="Genome Res.",
   Year="2012",
   Volume="22",
   Number="3",
   Pages="568--576",
   Month="Mar"
}

@misc{bam_readcount,
  author = {{The McDonnell Genome Institute}},
  title = {bam-readcount},
  publisher = {GitHub},
  journal = {GitHub repository},
  howpublished = {Available at \url{https://github.com/genome/bam-readcount} (04.06.2018)},
  commit = {963acab}
}

@Article{midas,
   Author="Nayfach, S.  and Rodriguez-Mueller, B.  and Garud, N.  and Pollard, K. S. ",
   Title="{{A}n integrated metagenomics pipeline for strain profiling reveals novel patterns of bacterial transmission and biogeography}",
   Journal="Genome Res.",
   Year="2016",
   Volume="26",
   Number="11",
   Pages="1612--1625",
   Month="11"
}

@Article{bedtools,
   Author="Quinlan, A. R.  and Hall, I. M. ",
   Title="{{B}{E}{D}{T}ools: a flexible suite of utilities for comparing genomic features}",
   Journal="Bioinformatics",
   Year="2010",
   Volume="26",
   Number="6",
   Pages="841--842",
   Month="Mar"
}

@Article{isolates,
   Author="Dunitz, M. I.  and Coil, D. A.  and Jospin, G.  and Eisen, J. A.  and Adams, J. Y. ",
   Title="{{D}raft {G}enome {S}equences of {E}scherichia coli {S}trains {I}solated from {S}eptic {P}atients}",
   Journal="Genome Announc",
   Year="2014",
   Volume="2",
   Number="6",
   Month="Dec"
}

@Article{repeats,
   Author="Koressaar, T.  and Remm, M. ",
   Title="{{C}haracterization of species-specific repeats in 613 prokaryotic species}",
   Journal="DNA Res.",
   Year="2012",
   Volume="19",
   Number="3",
   Pages="219--230",
   Month="Jun"
}

@Article{superbubbles,
   Author="Sung, W. K.  and Sadakane, K.  and Shibuya, T.  and Belorkar, A.  and Pyrogova, I. ",
   Title="{{A}n {O}(m log m)-{T}ime {A}lgorithm for {D}etecting {S}uperbubbles}",
   Journal="IEEE/ACM Trans Comput Biol Bioinform",
   Year="2015",
   Volume="12",
   Number="4",
   Pages="770--777"
}
